@article{lecun2015deep,
	title={Deep learning},
	author={LeCun, Yann and Bengio, Yoshua and Hinton, Geoffrey},
	journal={nature},
	volume={521},
	number={7553},
	pages={436--444},
	year={2015},
	publisher={Nature Publishing Group}
}

@misc{desai2021redcaps,
	title={RedCaps: web-curated image-text data created by the people, for the people},
	author={Karan Desai and Gaurav Kaul and Zubin Aysola and Justin Johnson},
	year={2021},
	eprint={2111.11431},
	archivePrefix={arXiv},
	primaryClass={cs.CV}
}
